@article{l1994uniform,
  title={Uniform random number generation},
  author={L'Ecuyer, Pierre},
  journal={Annals of Operations Research},
  volume={53},
  pages={77--120},
  year={1994},
  publisher={Springer}
}